[gd_scene load_steps=18 format=2]

[ext_resource path="res://assets/chary___.ttf" type="DynamicFontData" id=1]
[ext_resource path="res://src/coil_animation.gd" type="Script" id=2]
[ext_resource path="res://src/interface/button_quit.gd" type="Script" id=3]
[ext_resource path="res://assets/s4m_ur4i_8x8_minimal-future.png" type="Texture" id=5]
[ext_resource path="res://assets/sprites/wall3.png" type="Texture" id=6]
[ext_resource path="res://assets/sprites/wall2.png" type="Texture" id=7]
[ext_resource path="res://assets/sprites/wall1.png" type="Texture" id=8]
[ext_resource path="res://src/main_menu.gd" type="Script" id=9]

[sub_resource type="TileSet" id=1]
0/name = "s4m_ur4i_8x8_minimal-future.png 0"
0/texture = ExtResource( 5 )
0/tex_offset = Vector2( 0, 0 )
0/modulate = Color( 1, 1, 1, 1 )
0/region = Rect2( 320, 0, 64, 64 )
0/tile_mode = 0
0/occluder_offset = Vector2( 0, 0 )
0/navigation_offset = Vector2( 0, 0 )
0/shape_offset = Vector2( 0, 0 )
0/shape_transform = Transform2D( 1, 0, 0, 1, 0, 0 )
0/shape_one_way = false
0/shape_one_way_margin = 0.0
0/shapes = [  ]
0/z_index = 0
1/name = "s4m_ur4i_8x8_minimal-future.png 1"
1/texture = ExtResource( 5 )
1/tex_offset = Vector2( 0, 0 )
1/modulate = Color( 1, 1, 1, 1 )
1/region = Rect2( 448, 0, 64, 64 )
1/tile_mode = 0
1/occluder_offset = Vector2( 0, 0 )
1/navigation_offset = Vector2( 0, 0 )
1/shape_offset = Vector2( 0, 0 )
1/shape_transform = Transform2D( 1, 0, 0, 1, 0, 0 )
1/shape_one_way = false
1/shape_one_way_margin = 0.0
1/shapes = [  ]
1/z_index = 0
2/name = "s4m_ur4i_8x8_minimal-future.png 2"
2/texture = ExtResource( 5 )
2/tex_offset = Vector2( 0, 0 )
2/modulate = Color( 1, 1, 1, 1 )
2/region = Rect2( 512, 0, 64, 64 )
2/tile_mode = 0
2/occluder_offset = Vector2( 0, 0 )
2/navigation_offset = Vector2( 0, 0 )
2/shape_offset = Vector2( 0, 0 )
2/shape_transform = Transform2D( 1, 0, 0, 1, 0, 0 )
2/shape_one_way = false
2/shape_one_way_margin = 0.0
2/shapes = [  ]
2/z_index = 0
3/name = "s4m_ur4i_8x8_minimal-future.png 3"
3/texture = ExtResource( 5 )
3/tex_offset = Vector2( 0, 0 )
3/modulate = Color( 1, 1, 1, 1 )
3/region = Rect2( 704, 0, 64, 64 )
3/tile_mode = 0
3/occluder_offset = Vector2( 0, 0 )
3/navigation_offset = Vector2( 0, 0 )
3/shape_offset = Vector2( 0, 0 )
3/shape_transform = Transform2D( 1, 0, 0, 1, 0, 0 )
3/shape_one_way = false
3/shape_one_way_margin = 0.0
3/shapes = [  ]
3/z_index = 0
4/name = "s4m_ur4i_8x8_minimal-future.png 4"
4/texture = ExtResource( 5 )
4/tex_offset = Vector2( 0, 0 )
4/modulate = Color( 1, 1, 1, 1 )
4/region = Rect2( 768, 0, 64, 64 )
4/tile_mode = 0
4/occluder_offset = Vector2( 0, 0 )
4/navigation_offset = Vector2( 0, 0 )
4/shape_offset = Vector2( 0, 0 )
4/shape_transform = Transform2D( 1, 0, 0, 1, 0, 0 )
4/shape_one_way = false
4/shape_one_way_margin = 0.0
4/shapes = [  ]
4/z_index = 0
5/name = "s4m_ur4i_8x8_minimal-future.png 5"
5/texture = ExtResource( 5 )
5/tex_offset = Vector2( 0, 0 )
5/modulate = Color( 1, 1, 1, 1 )
5/region = Rect2( 256, 384, 64, 64 )
5/tile_mode = 0
5/occluder_offset = Vector2( 0, 0 )
5/navigation_offset = Vector2( 0, 0 )
5/shape_offset = Vector2( 0, 0 )
5/shape_transform = Transform2D( 1, 0, 0, 1, 0, 0 )
5/shape_one_way = false
5/shape_one_way_margin = 0.0
5/shapes = [  ]
5/z_index = 0
6/name = "s4m_ur4i_8x8_minimal-future.png 6"
6/texture = ExtResource( 5 )
6/tex_offset = Vector2( 0, 0 )
6/modulate = Color( 1, 1, 1, 1 )
6/region = Rect2( 320, 384, 64, 64 )
6/tile_mode = 0
6/occluder_offset = Vector2( 0, 0 )
6/navigation_offset = Vector2( 0, 0 )
6/shape_offset = Vector2( 0, 0 )
6/shape_transform = Transform2D( 1, 0, 0, 1, 0, 0 )
6/shape_one_way = false
6/shape_one_way_margin = 0.0
6/shapes = [  ]
6/z_index = 0
7/name = "s4m_ur4i_8x8_minimal-future.png 7"
7/texture = ExtResource( 5 )
7/tex_offset = Vector2( 0, 0 )
7/modulate = Color( 1, 1, 1, 1 )
7/region = Rect2( 384, 384, 64, 64 )
7/tile_mode = 0
7/occluder_offset = Vector2( 0, 0 )
7/navigation_offset = Vector2( 0, 0 )
7/shape_offset = Vector2( 0, 0 )
7/shape_transform = Transform2D( 1, 0, 0, 1, 0, 0 )
7/shape_one_way = false
7/shape_one_way_margin = 0.0
7/shapes = [  ]
7/z_index = 0
8/name = "s4m_ur4i_8x8_minimal-future.png 8"
8/texture = ExtResource( 5 )
8/tex_offset = Vector2( 0, 0 )
8/modulate = Color( 1, 1, 1, 1 )
8/region = Rect2( 448, 384, 64, 64 )
8/tile_mode = 0
8/occluder_offset = Vector2( 0, 0 )
8/navigation_offset = Vector2( 0, 0 )
8/shape_offset = Vector2( 0, 0 )
8/shape_transform = Transform2D( 1, 0, 0, 1, 0, 0 )
8/shape_one_way = false
8/shape_one_way_margin = 0.0
8/shapes = [  ]
8/z_index = 0
9/name = "s4m_ur4i_8x8_minimal-future.png 9"
9/texture = ExtResource( 5 )
9/tex_offset = Vector2( 0, 0 )
9/modulate = Color( 1, 1, 1, 1 )
9/region = Rect2( 0, 64, 64, 64 )
9/tile_mode = 0
9/occluder_offset = Vector2( 0, 0 )
9/navigation_offset = Vector2( 0, 0 )
9/shape_offset = Vector2( 0, 0 )
9/shape_transform = Transform2D( 1, 0, 0, 1, 0, 0 )
9/shape_one_way = false
9/shape_one_way_margin = 0.0
9/shapes = [  ]
9/z_index = 0
10/name = "s4m_ur4i_8x8_minimal-future.png 10"
10/texture = ExtResource( 5 )
10/tex_offset = Vector2( 0, 0 )
10/modulate = Color( 1, 1, 1, 1 )
10/region = Rect2( 64, 64, 64, 64 )
10/tile_mode = 0
10/occluder_offset = Vector2( 0, 0 )
10/navigation_offset = Vector2( 0, 0 )
10/shape_offset = Vector2( 0, 0 )
10/shape_transform = Transform2D( 1, 0, 0, 1, 0, 0 )
10/shape_one_way = false
10/shape_one_way_margin = 0.0
10/shapes = [  ]
10/z_index = 0
11/name = "s4m_ur4i_8x8_minimal-future.png 11"
11/texture = ExtResource( 5 )
11/tex_offset = Vector2( 0, 0 )
11/modulate = Color( 1, 1, 1, 1 )
11/region = Rect2( 0, 128, 64, 64 )
11/tile_mode = 0
11/occluder_offset = Vector2( 0, 0 )
11/navigation_offset = Vector2( 0, 0 )
11/shape_offset = Vector2( 0, 0 )
11/shape_transform = Transform2D( 1, 0, 0, 1, 0, 0 )
11/shape_one_way = false
11/shape_one_way_margin = 0.0
11/shapes = [  ]
11/z_index = 0
12/name = "s4m_ur4i_8x8_minimal-future.png 12"
12/texture = ExtResource( 5 )
12/tex_offset = Vector2( 0, 0 )
12/modulate = Color( 1, 1, 1, 1 )
12/region = Rect2( 64, 128, 64, 64 )
12/tile_mode = 0
12/occluder_offset = Vector2( 0, 0 )
12/navigation_offset = Vector2( 0, 0 )
12/shape_offset = Vector2( 0, 0 )
12/shape_transform = Transform2D( 1, 0, 0, 1, 0, 0 )
12/shape_one_way = false
12/shape_one_way_margin = 0.0
12/shapes = [  ]
12/z_index = 0
13/name = "s4m_ur4i_8x8_minimal-future.png 13"
13/texture = ExtResource( 5 )
13/tex_offset = Vector2( 0, 0 )
13/modulate = Color( 1, 1, 1, 1 )
13/region = Rect2( 576, 320, 64, 64 )
13/tile_mode = 0
13/occluder_offset = Vector2( 0, 0 )
13/navigation_offset = Vector2( 0, 0 )
13/shape_offset = Vector2( 0, 0 )
13/shape_transform = Transform2D( 1, 0, 0, 1, 0, 0 )
13/shape_one_way = false
13/shape_one_way_margin = 0.0
13/shapes = [  ]
13/z_index = 0
14/name = "s4m_ur4i_8x8_minimal-future.png 14"
14/texture = ExtResource( 5 )
14/tex_offset = Vector2( 0, 0 )
14/modulate = Color( 1, 1, 1, 1 )
14/region = Rect2( 640, 320, 64, 64 )
14/tile_mode = 0
14/occluder_offset = Vector2( 0, 0 )
14/navigation_offset = Vector2( 0, 0 )
14/shape_offset = Vector2( 0, 0 )
14/shape_transform = Transform2D( 1, 0, 0, 1, 0, 0 )
14/shape_one_way = false
14/shape_one_way_margin = 0.0
14/shapes = [  ]
14/z_index = 0
15/name = "s4m_ur4i_8x8_minimal-future.png 15"
15/texture = ExtResource( 5 )
15/tex_offset = Vector2( 0, 0 )
15/modulate = Color( 1, 1, 1, 1 )
15/region = Rect2( 704, 320, 64, 64 )
15/tile_mode = 0
15/occluder_offset = Vector2( 0, 0 )
15/navigation_offset = Vector2( 0, 0 )
15/shape_offset = Vector2( 0, 0 )
15/shape_transform = Transform2D( 1, 0, 0, 1, 0, 0 )
15/shape_one_way = false
15/shape_one_way_margin = 0.0
15/shapes = [  ]
15/z_index = 0

[sub_resource type="DynamicFont" id=2]
size = 144
font_data = ExtResource( 1 )

[sub_resource type="DynamicFontData" id=3]
font_path = "res://assets/chary___.ttf"

[sub_resource type="DynamicFont" id=4]
size = 46
font_data = SubResource( 3 )

[sub_resource type="StyleBoxFlat" id=5]
bg_color = Color( 0.117647, 0.117647, 0.117647, 1 )

[sub_resource type="StyleBoxFlat" id=6]
bg_color = Color( 0.0392157, 0.0392157, 0.0392157, 1 )

[sub_resource type="StyleBoxEmpty" id=7]

[sub_resource type="StyleBoxFlat" id=8]
bg_color = Color( 0.0784314, 0.0784314, 0.0784314, 1 )

[sub_resource type="DynamicFont" id=9]
size = 96
font_data = ExtResource( 1 )

[node name="MainMenu" type="Node2D"]
script = ExtResource( 9 )

[node name="TileMap" type="TileMap" parent="."]
tile_set = SubResource( 1 )
format = 1
tile_data = PoolIntArray( 0, 9, 0, 1, 6, 0, 2, 9, 0, 3, 9, 0, 4, 9, 0, 5, 5, 0, 6, 9, 0, 7, 6, 0, 8, 9, 0, 9, 9, 0, 10, 5, 0, 11, 9, 0, 12, 6, 0, 13, 9, 0, 14, 5, 0, 15, 9, 0, 16, 9, 0, 17, 9, 0, 18, 5, 0, 19, 9, 0, 20, 6, 0, 21, 9, 0, 22, 6, 0, 23, 9, 0, 24, 9, 0, 25, 5, 0, 26, 9, 0, 27, 9, 0, 28, 9, 0, 29, 9, 0, 65536, 8, 0, 65537, 7, 0, 65538, 9, 0, 65539, 5, 0, 65540, 7, 0, 65541, 6, 0, 65542, 5, 0, 65544, 7, 0, 65545, 6, 0, 65546, 8, 0, 65547, 9, 0, 65548, 7, 0, 65549, 9, 0, 65551, 9, 0, 65552, 7, 0, 65553, 9, 0, 65554, 7, 0, 65555, 9, 0, 65559, 8, 0, 65560, 9, 0, 65561, 6, 0, 65562, 9, 0, 65563, 9, 0, 65564, 5, 0, 65565, 7, 0, 131074, 5, 0, 131076, 8, 0, 131078, 7, 0, 131082, 6, 0, 131083, 9, 0, 131085, 8, 0, 131087, 9, 0, 131088, 8, 0, 131091, 9, 0, 131096, 6, 0, 131098, 5, 0, 131099, 7, 0, 131100, 6, 0, 196610, 7, 0, 196619, 8, 0, 196623, 7, 0, 196627, 6, 0, 196634, 6, 0, 196635, 8, 0, 851978, 6, 0, 851984, 6, 0, 851989, 6, 0, 917511, 6, 0, 917514, 5, 0, 917516, 7, 0, 917518, 6, 0, 917520, 8, 0, 917523, 5, 0, 917524, 7, 0, 917525, 8, 0, 917527, 7, 0, 983040, 8, 0, 983042, 9, 0, 983045, 7, 0, 983046, 6, 0, 983047, 7, 0, 983048, 5, 0, 983049, 5, 0, 983050, 9, 0, 983051, 6, 0, 983052, 9, 0, 983053, 5, 0, 983054, 7, 0, 983055, 8, 0, 983056, 9, 0, 983057, 5, 0, 983058, 8, 0, 983059, 9, 0, 983060, 7, 0, 983061, 9, 0, 983062, 8, 0, 983063, 8, 0, 983064, 7, 0, 983068, 6, 0, 983069, 9, 0, 1048576, 9, 0, 1048577, 7, 0, 1048578, 9, 0, 1048579, 5, 0, 1048580, 9, 0, 1048581, 5, 0, 1048582, 9, 0, 1048583, 8, 0, 1048584, 9, 0, 1048585, 7, 0, 1048586, 9, 0, 1048587, 7, 0, 1048588, 9, 0, 1048589, 8, 0, 1048590, 9, 0, 1048591, 6, 0, 1048592, 9, 0, 1048593, 8, 0, 1048594, 9, 0, 1048595, 9, 0, 1048596, 6, 0, 1048597, 9, 0, 1048598, 5, 0, 1048599, 9, 0, 1048600, 7, 0, 1048601, 9, 0, 1048602, 5, 0, 1048603, 9, 0, 1048604, 8, 0, 1048605, 9, 0 )

[node name="coil_animations" type="Node2D" parent="."]

[node name="coil_animation1" type="Node2D" parent="coil_animations"]
script = ExtResource( 2 )

[node name="wall_quarter1" type="Node2D" parent="coil_animations/coil_animation1"]
position = Vector2( -960, -540 )

[node name="wall1" type="Sprite" parent="coil_animations/coil_animation1/wall_quarter1"]
position = Vector2( 405, 467 )
rotation = 0.1309
scale = Vector2( 2, 2 )
texture = ExtResource( 8 )

[node name="wall2" type="Sprite" parent="coil_animations/coil_animation1/wall_quarter1"]
position = Vector2( 443, 326 )
rotation = 0.392699
scale = Vector2( 2, 2 )
texture = ExtResource( 7 )

[node name="wall3" type="Sprite" parent="coil_animations/coil_animation1/wall_quarter1"]
position = Vector2( 516, 199 )
rotation = 0.654498
scale = Vector2( 2, 2 )
texture = ExtResource( 6 )

[node name="wall4" type="Sprite" parent="coil_animations/coil_animation1/wall_quarter1"]
position = Vector2( 619, 96 )
rotation = 0.916298
scale = Vector2( 2, 2 )
texture = ExtResource( 8 )

[node name="wall5" type="Sprite" parent="coil_animations/coil_animation1/wall_quarter1"]
position = Vector2( 745, 23 )
rotation = 1.1781
scale = Vector2( 2, 2 )
texture = ExtResource( 7 )

[node name="wall6" type="Sprite" parent="coil_animations/coil_animation1/wall_quarter1"]
position = Vector2( 886, -15 )
rotation = 1.4399
scale = Vector2( 2, 2 )
texture = ExtResource( 6 )

[node name="wall_quarter2" type="Node2D" parent="coil_animations/coil_animation1"]
position = Vector2( 540, -960 )
rotation = 1.5708

[node name="wall1" type="Sprite" parent="coil_animations/coil_animation1/wall_quarter2"]
position = Vector2( 405, 467 )
rotation = 0.1309
scale = Vector2( 2, 2 )
texture = ExtResource( 8 )

[node name="wall2" type="Sprite" parent="coil_animations/coil_animation1/wall_quarter2"]
position = Vector2( 443, 326 )
rotation = 0.392699
scale = Vector2( 2, 2 )
texture = ExtResource( 7 )

[node name="wall3" type="Sprite" parent="coil_animations/coil_animation1/wall_quarter2"]
position = Vector2( 516, 199 )
rotation = 0.654498
scale = Vector2( 2, 2 )
texture = ExtResource( 6 )

[node name="wall4" type="Sprite" parent="coil_animations/coil_animation1/wall_quarter2"]
position = Vector2( 619, 96 )
rotation = 0.916298
scale = Vector2( 2, 2 )
texture = ExtResource( 8 )

[node name="wall5" type="Sprite" parent="coil_animations/coil_animation1/wall_quarter2"]
position = Vector2( 745, 23 )
rotation = 1.1781
scale = Vector2( 2, 2 )
texture = ExtResource( 7 )

[node name="wall6" type="Sprite" parent="coil_animations/coil_animation1/wall_quarter2"]
position = Vector2( 886, -15 )
rotation = 1.4399
scale = Vector2( 2, 2 )
texture = ExtResource( 6 )

[node name="wall_quarter3" type="Node2D" parent="coil_animations/coil_animation1"]
position = Vector2( 960, 540 )
rotation = 3.14159

[node name="wall1" type="Sprite" parent="coil_animations/coil_animation1/wall_quarter3"]
position = Vector2( 405, 467 )
rotation = 0.1309
scale = Vector2( 2, 2 )
texture = ExtResource( 8 )

[node name="wall2" type="Sprite" parent="coil_animations/coil_animation1/wall_quarter3"]
position = Vector2( 443, 326 )
rotation = 0.392699
scale = Vector2( 2, 2 )
texture = ExtResource( 7 )

[node name="wall3" type="Sprite" parent="coil_animations/coil_animation1/wall_quarter3"]
position = Vector2( 516, 199 )
rotation = 0.654498
scale = Vector2( 2, 2 )
texture = ExtResource( 6 )

[node name="wall4" type="Sprite" parent="coil_animations/coil_animation1/wall_quarter3"]
position = Vector2( 619, 96 )
rotation = 0.916298
scale = Vector2( 2, 2 )
texture = ExtResource( 8 )

[node name="wall5" type="Sprite" parent="coil_animations/coil_animation1/wall_quarter3"]
position = Vector2( 745, 23 )
rotation = 1.1781
scale = Vector2( 2, 2 )
texture = ExtResource( 7 )

[node name="wall6" type="Sprite" parent="coil_animations/coil_animation1/wall_quarter3"]
position = Vector2( 886, -15 )
rotation = 1.4399
scale = Vector2( 2, 2 )
texture = ExtResource( 6 )

[node name="wall_quarter4" type="Node2D" parent="coil_animations/coil_animation1"]
position = Vector2( -540, 960 )
rotation = 4.71239

[node name="wall1" type="Sprite" parent="coil_animations/coil_animation1/wall_quarter4"]
position = Vector2( 405, 467 )
rotation = 0.1309
scale = Vector2( 2, 2 )
texture = ExtResource( 8 )

[node name="wall2" type="Sprite" parent="coil_animations/coil_animation1/wall_quarter4"]
position = Vector2( 443, 326 )
rotation = 0.392699
scale = Vector2( 2, 2 )
texture = ExtResource( 7 )

[node name="wall3" type="Sprite" parent="coil_animations/coil_animation1/wall_quarter4"]
position = Vector2( 516, 199 )
rotation = 0.654498
scale = Vector2( 2, 2 )
texture = ExtResource( 6 )

[node name="wall4" type="Sprite" parent="coil_animations/coil_animation1/wall_quarter4"]
position = Vector2( 619, 96 )
rotation = 0.916298
scale = Vector2( 2, 2 )
texture = ExtResource( 8 )

[node name="wall5" type="Sprite" parent="coil_animations/coil_animation1/wall_quarter4"]
position = Vector2( 745, 23 )
rotation = 1.1781
scale = Vector2( 2, 2 )
texture = ExtResource( 7 )

[node name="wall6" type="Sprite" parent="coil_animations/coil_animation1/wall_quarter4"]
position = Vector2( 886, -15 )
rotation = 1.4399
scale = Vector2( 2, 2 )
texture = ExtResource( 6 )

[node name="coil_animation2" type="Node2D" parent="coil_animations"]
position = Vector2( 1920, 0 )
script = ExtResource( 2 )

[node name="wall_quarter1" type="Node2D" parent="coil_animations/coil_animation2"]
position = Vector2( -960, -540 )

[node name="wall1" type="Sprite" parent="coil_animations/coil_animation2/wall_quarter1"]
position = Vector2( 405, 467 )
rotation = 0.1309
scale = Vector2( 2, 2 )
texture = ExtResource( 8 )

[node name="wall2" type="Sprite" parent="coil_animations/coil_animation2/wall_quarter1"]
position = Vector2( 443, 326 )
rotation = 0.392699
scale = Vector2( 2, 2 )
texture = ExtResource( 7 )

[node name="wall3" type="Sprite" parent="coil_animations/coil_animation2/wall_quarter1"]
position = Vector2( 516, 199 )
rotation = 0.654498
scale = Vector2( 2, 2 )
texture = ExtResource( 6 )

[node name="wall4" type="Sprite" parent="coil_animations/coil_animation2/wall_quarter1"]
position = Vector2( 619, 96 )
rotation = 0.916298
scale = Vector2( 2, 2 )
texture = ExtResource( 8 )

[node name="wall5" type="Sprite" parent="coil_animations/coil_animation2/wall_quarter1"]
position = Vector2( 745, 23 )
rotation = 1.1781
scale = Vector2( 2, 2 )
texture = ExtResource( 7 )

[node name="wall6" type="Sprite" parent="coil_animations/coil_animation2/wall_quarter1"]
position = Vector2( 886, -15 )
rotation = 1.4399
scale = Vector2( 2, 2 )
texture = ExtResource( 6 )

[node name="wall_quarter2" type="Node2D" parent="coil_animations/coil_animation2"]
position = Vector2( 540, -960 )
rotation = 1.5708

[node name="wall1" type="Sprite" parent="coil_animations/coil_animation2/wall_quarter2"]
position = Vector2( 405, 467 )
rotation = 0.1309
scale = Vector2( 2, 2 )
texture = ExtResource( 8 )

[node name="wall2" type="Sprite" parent="coil_animations/coil_animation2/wall_quarter2"]
position = Vector2( 443, 326 )
rotation = 0.392699
scale = Vector2( 2, 2 )
texture = ExtResource( 7 )

[node name="wall3" type="Sprite" parent="coil_animations/coil_animation2/wall_quarter2"]
position = Vector2( 516, 199 )
rotation = 0.654498
scale = Vector2( 2, 2 )
texture = ExtResource( 6 )

[node name="wall4" type="Sprite" parent="coil_animations/coil_animation2/wall_quarter2"]
position = Vector2( 619, 96 )
rotation = 0.916298
scale = Vector2( 2, 2 )
texture = ExtResource( 8 )

[node name="wall5" type="Sprite" parent="coil_animations/coil_animation2/wall_quarter2"]
position = Vector2( 745, 23 )
rotation = 1.1781
scale = Vector2( 2, 2 )
texture = ExtResource( 7 )

[node name="wall6" type="Sprite" parent="coil_animations/coil_animation2/wall_quarter2"]
position = Vector2( 886, -15 )
rotation = 1.4399
scale = Vector2( 2, 2 )
texture = ExtResource( 6 )

[node name="wall_quarter3" type="Node2D" parent="coil_animations/coil_animation2"]
position = Vector2( 960, 540 )
rotation = 3.14159

[node name="wall1" type="Sprite" parent="coil_animations/coil_animation2/wall_quarter3"]
position = Vector2( 405, 467 )
rotation = 0.1309
scale = Vector2( 2, 2 )
texture = ExtResource( 8 )

[node name="wall2" type="Sprite" parent="coil_animations/coil_animation2/wall_quarter3"]
position = Vector2( 443, 326 )
rotation = 0.392699
scale = Vector2( 2, 2 )
texture = ExtResource( 7 )

[node name="wall3" type="Sprite" parent="coil_animations/coil_animation2/wall_quarter3"]
position = Vector2( 516, 199 )
rotation = 0.654498
scale = Vector2( 2, 2 )
texture = ExtResource( 6 )

[node name="wall4" type="Sprite" parent="coil_animations/coil_animation2/wall_quarter3"]
position = Vector2( 619, 96 )
rotation = 0.916298
scale = Vector2( 2, 2 )
texture = ExtResource( 8 )

[node name="wall5" type="Sprite" parent="coil_animations/coil_animation2/wall_quarter3"]
position = Vector2( 745, 23 )
rotation = 1.1781
scale = Vector2( 2, 2 )
texture = ExtResource( 7 )

[node name="wall6" type="Sprite" parent="coil_animations/coil_animation2/wall_quarter3"]
position = Vector2( 886, -15 )
rotation = 1.4399
scale = Vector2( 2, 2 )
texture = ExtResource( 6 )

[node name="wall_quarter4" type="Node2D" parent="coil_animations/coil_animation2"]
position = Vector2( -540, 960 )
rotation = 4.71239

[node name="wall1" type="Sprite" parent="coil_animations/coil_animation2/wall_quarter4"]
position = Vector2( 405, 467 )
rotation = 0.1309
scale = Vector2( 2, 2 )
texture = ExtResource( 8 )

[node name="wall2" type="Sprite" parent="coil_animations/coil_animation2/wall_quarter4"]
position = Vector2( 443, 326 )
rotation = 0.392699
scale = Vector2( 2, 2 )
texture = ExtResource( 7 )

[node name="wall3" type="Sprite" parent="coil_animations/coil_animation2/wall_quarter4"]
position = Vector2( 516, 199 )
rotation = 0.654498
scale = Vector2( 2, 2 )
texture = ExtResource( 6 )

[node name="wall4" type="Sprite" parent="coil_animations/coil_animation2/wall_quarter4"]
position = Vector2( 620, 100 )
rotation = 0.916298
scale = Vector2( 2, 2 )
texture = ExtResource( 8 )

[node name="wall5" type="Sprite" parent="coil_animations/coil_animation2/wall_quarter4"]
position = Vector2( 745, 23 )
rotation = 1.1781
scale = Vector2( 2, 2 )
texture = ExtResource( 7 )

[node name="wall6" type="Sprite" parent="coil_animations/coil_animation2/wall_quarter4"]
position = Vector2( 886, -15 )
rotation = 1.4399
scale = Vector2( 2, 2 )
texture = ExtResource( 6 )

[node name="coil_animation3" type="Node2D" parent="coil_animations"]
position = Vector2( 0, 1080 )
scale = Vector2( 0.5, 0.5 )
script = ExtResource( 2 )

[node name="wall_quarter1" type="Node2D" parent="coil_animations/coil_animation3"]
position = Vector2( -960, -540 )

[node name="wall1" type="Sprite" parent="coil_animations/coil_animation3/wall_quarter1"]
position = Vector2( 405, 467 )
rotation = 0.1309
scale = Vector2( 2, 2 )
texture = ExtResource( 8 )

[node name="wall2" type="Sprite" parent="coil_animations/coil_animation3/wall_quarter1"]
position = Vector2( 443, 326 )
rotation = 0.392699
scale = Vector2( 2, 2 )
texture = ExtResource( 7 )

[node name="wall3" type="Sprite" parent="coil_animations/coil_animation3/wall_quarter1"]
position = Vector2( 516, 199 )
rotation = 0.654498
scale = Vector2( 2, 2 )
texture = ExtResource( 6 )

[node name="wall4" type="Sprite" parent="coil_animations/coil_animation3/wall_quarter1"]
position = Vector2( 619, 96 )
rotation = 0.916298
scale = Vector2( 2, 2 )
texture = ExtResource( 8 )

[node name="wall5" type="Sprite" parent="coil_animations/coil_animation3/wall_quarter1"]
position = Vector2( 745, 23 )
rotation = 1.1781
scale = Vector2( 2, 2 )
texture = ExtResource( 7 )

[node name="wall6" type="Sprite" parent="coil_animations/coil_animation3/wall_quarter1"]
position = Vector2( 886, -15 )
rotation = 1.4399
scale = Vector2( 2, 2 )
texture = ExtResource( 6 )

[node name="wall_quarter2" type="Node2D" parent="coil_animations/coil_animation3"]
position = Vector2( 540, -960 )
rotation = 1.5708

[node name="wall1" type="Sprite" parent="coil_animations/coil_animation3/wall_quarter2"]
position = Vector2( 405, 467 )
rotation = 0.1309
scale = Vector2( 2, 2 )
texture = ExtResource( 8 )

[node name="wall2" type="Sprite" parent="coil_animations/coil_animation3/wall_quarter2"]
position = Vector2( 443, 326 )
rotation = 0.392699
scale = Vector2( 2, 2 )
texture = ExtResource( 7 )

[node name="wall3" type="Sprite" parent="coil_animations/coil_animation3/wall_quarter2"]
position = Vector2( 516, 199 )
rotation = 0.654498
scale = Vector2( 2, 2 )
texture = ExtResource( 6 )

[node name="wall4" type="Sprite" parent="coil_animations/coil_animation3/wall_quarter2"]
position = Vector2( 619, 96 )
rotation = 0.916298
scale = Vector2( 2, 2 )
texture = ExtResource( 8 )

[node name="wall5" type="Sprite" parent="coil_animations/coil_animation3/wall_quarter2"]
position = Vector2( 745, 23 )
rotation = 1.1781
scale = Vector2( 2, 2 )
texture = ExtResource( 7 )

[node name="wall6" type="Sprite" parent="coil_animations/coil_animation3/wall_quarter2"]
position = Vector2( 886, -15 )
rotation = 1.4399
scale = Vector2( 2, 2 )
texture = ExtResource( 6 )

[node name="wall_quarter3" type="Node2D" parent="coil_animations/coil_animation3"]
position = Vector2( 960, 540 )
rotation = 3.14159

[node name="wall1" type="Sprite" parent="coil_animations/coil_animation3/wall_quarter3"]
position = Vector2( 405, 467 )
rotation = 0.1309
scale = Vector2( 2, 2 )
texture = ExtResource( 8 )

[node name="wall2" type="Sprite" parent="coil_animations/coil_animation3/wall_quarter3"]
position = Vector2( 443, 326 )
rotation = 0.392699
scale = Vector2( 2, 2 )
texture = ExtResource( 7 )

[node name="wall3" type="Sprite" parent="coil_animations/coil_animation3/wall_quarter3"]
position = Vector2( 516, 199 )
rotation = 0.654498
scale = Vector2( 2, 2 )
texture = ExtResource( 6 )

[node name="wall4" type="Sprite" parent="coil_animations/coil_animation3/wall_quarter3"]
position = Vector2( 619, 96 )
rotation = 0.916298
scale = Vector2( 2, 2 )
texture = ExtResource( 8 )

[node name="wall5" type="Sprite" parent="coil_animations/coil_animation3/wall_quarter3"]
position = Vector2( 745, 23 )
rotation = 1.1781
scale = Vector2( 2, 2 )
texture = ExtResource( 7 )

[node name="wall6" type="Sprite" parent="coil_animations/coil_animation3/wall_quarter3"]
position = Vector2( 886, -15 )
rotation = 1.4399
scale = Vector2( 2, 2 )
texture = ExtResource( 6 )

[node name="wall_quarter4" type="Node2D" parent="coil_animations/coil_animation3"]
position = Vector2( -540, 960 )
rotation = 4.71239

[node name="wall1" type="Sprite" parent="coil_animations/coil_animation3/wall_quarter4"]
position = Vector2( 405, 467 )
rotation = 0.1309
scale = Vector2( 2, 2 )
texture = ExtResource( 8 )

[node name="wall2" type="Sprite" parent="coil_animations/coil_animation3/wall_quarter4"]
position = Vector2( 443, 326 )
rotation = 0.392699
scale = Vector2( 2, 2 )
texture = ExtResource( 7 )

[node name="wall3" type="Sprite" parent="coil_animations/coil_animation3/wall_quarter4"]
position = Vector2( 516, 199 )
rotation = 0.654498
scale = Vector2( 2, 2 )
texture = ExtResource( 6 )

[node name="wall4" type="Sprite" parent="coil_animations/coil_animation3/wall_quarter4"]
position = Vector2( 619, 96 )
rotation = 0.916298
scale = Vector2( 2, 2 )
texture = ExtResource( 8 )

[node name="wall5" type="Sprite" parent="coil_animations/coil_animation3/wall_quarter4"]
position = Vector2( 745, 23 )
rotation = 1.1781
scale = Vector2( 2, 2 )
texture = ExtResource( 7 )

[node name="wall6" type="Sprite" parent="coil_animations/coil_animation3/wall_quarter4"]
position = Vector2( 886, -15 )
rotation = 1.4399
scale = Vector2( 2, 2 )
texture = ExtResource( 6 )

[node name="coil_animation4" type="Node2D" parent="coil_animations"]
position = Vector2( 1920, 1080 )
scale = Vector2( 0.5, 0.5 )
script = ExtResource( 2 )

[node name="wall_quarter1" type="Node2D" parent="coil_animations/coil_animation4"]
position = Vector2( -960, -540 )

[node name="wall1" type="Sprite" parent="coil_animations/coil_animation4/wall_quarter1"]
position = Vector2( 405, 467 )
rotation = 0.1309
scale = Vector2( 2, 2 )
texture = ExtResource( 8 )

[node name="wall2" type="Sprite" parent="coil_animations/coil_animation4/wall_quarter1"]
position = Vector2( 443, 326 )
rotation = 0.392699
scale = Vector2( 2, 2 )
texture = ExtResource( 7 )

[node name="wall3" type="Sprite" parent="coil_animations/coil_animation4/wall_quarter1"]
position = Vector2( 516, 199 )
rotation = 0.654498
scale = Vector2( 2, 2 )
texture = ExtResource( 6 )

[node name="wall4" type="Sprite" parent="coil_animations/coil_animation4/wall_quarter1"]
position = Vector2( 619, 96 )
rotation = 0.916298
scale = Vector2( 2, 2 )
texture = ExtResource( 8 )

[node name="wall5" type="Sprite" parent="coil_animations/coil_animation4/wall_quarter1"]
position = Vector2( 745, 23 )
rotation = 1.1781
scale = Vector2( 2, 2 )
texture = ExtResource( 7 )

[node name="wall6" type="Sprite" parent="coil_animations/coil_animation4/wall_quarter1"]
position = Vector2( 886, -15 )
rotation = 1.4399
scale = Vector2( 2, 2 )
texture = ExtResource( 6 )

[node name="wall_quarter2" type="Node2D" parent="coil_animations/coil_animation4"]
position = Vector2( 540, -960 )
rotation = 1.5708

[node name="wall1" type="Sprite" parent="coil_animations/coil_animation4/wall_quarter2"]
position = Vector2( 405, 467 )
rotation = 0.1309
scale = Vector2( 2, 2 )
texture = ExtResource( 8 )

[node name="wall2" type="Sprite" parent="coil_animations/coil_animation4/wall_quarter2"]
position = Vector2( 443, 326 )
rotation = 0.392699
scale = Vector2( 2, 2 )
texture = ExtResource( 7 )

[node name="wall3" type="Sprite" parent="coil_animations/coil_animation4/wall_quarter2"]
position = Vector2( 516, 199 )
rotation = 0.654498
scale = Vector2( 2, 2 )
texture = ExtResource( 6 )

[node name="wall4" type="Sprite" parent="coil_animations/coil_animation4/wall_quarter2"]
position = Vector2( 619, 96 )
rotation = 0.916298
scale = Vector2( 2, 2 )
texture = ExtResource( 8 )

[node name="wall5" type="Sprite" parent="coil_animations/coil_animation4/wall_quarter2"]
position = Vector2( 745, 23 )
rotation = 1.1781
scale = Vector2( 2, 2 )
texture = ExtResource( 7 )

[node name="wall6" type="Sprite" parent="coil_animations/coil_animation4/wall_quarter2"]
position = Vector2( 886, -15 )
rotation = 1.4399
scale = Vector2( 2, 2 )
texture = ExtResource( 6 )

[node name="wall_quarter3" type="Node2D" parent="coil_animations/coil_animation4"]
position = Vector2( 960, 540 )
rotation = 3.14159

[node name="wall1" type="Sprite" parent="coil_animations/coil_animation4/wall_quarter3"]
position = Vector2( 405, 467 )
rotation = 0.1309
scale = Vector2( 2, 2 )
texture = ExtResource( 8 )

[node name="wall2" type="Sprite" parent="coil_animations/coil_animation4/wall_quarter3"]
position = Vector2( 443, 326 )
rotation = 0.392699
scale = Vector2( 2, 2 )
texture = ExtResource( 7 )

[node name="wall3" type="Sprite" parent="coil_animations/coil_animation4/wall_quarter3"]
position = Vector2( 516, 199 )
rotation = 0.654498
scale = Vector2( 2, 2 )
texture = ExtResource( 6 )

[node name="wall4" type="Sprite" parent="coil_animations/coil_animation4/wall_quarter3"]
position = Vector2( 619, 96 )
rotation = 0.916298
scale = Vector2( 2, 2 )
texture = ExtResource( 8 )

[node name="wall5" type="Sprite" parent="coil_animations/coil_animation4/wall_quarter3"]
position = Vector2( 745, 23 )
rotation = 1.1781
scale = Vector2( 2, 2 )
texture = ExtResource( 7 )

[node name="wall6" type="Sprite" parent="coil_animations/coil_animation4/wall_quarter3"]
position = Vector2( 886, -15 )
rotation = 1.4399
scale = Vector2( 2, 2 )
texture = ExtResource( 6 )

[node name="wall_quarter4" type="Node2D" parent="coil_animations/coil_animation4"]
position = Vector2( -540, 960 )
rotation = 4.71239

[node name="wall1" type="Sprite" parent="coil_animations/coil_animation4/wall_quarter4"]
position = Vector2( 405, 467 )
rotation = 0.1309
scale = Vector2( 2, 2 )
texture = ExtResource( 8 )

[node name="wall2" type="Sprite" parent="coil_animations/coil_animation4/wall_quarter4"]
position = Vector2( 443, 326 )
rotation = 0.392699
scale = Vector2( 2, 2 )
texture = ExtResource( 7 )

[node name="wall3" type="Sprite" parent="coil_animations/coil_animation4/wall_quarter4"]
position = Vector2( 516, 199 )
rotation = 0.654498
scale = Vector2( 2, 2 )
texture = ExtResource( 6 )

[node name="wall4" type="Sprite" parent="coil_animations/coil_animation4/wall_quarter4"]
position = Vector2( 619, 96 )
rotation = 0.916298
scale = Vector2( 2, 2 )
texture = ExtResource( 8 )

[node name="wall5" type="Sprite" parent="coil_animations/coil_animation4/wall_quarter4"]
position = Vector2( 745, 23 )
rotation = 1.1781
scale = Vector2( 2, 2 )
texture = ExtResource( 7 )

[node name="wall6" type="Sprite" parent="coil_animations/coil_animation4/wall_quarter4"]
position = Vector2( 886, -15 )
rotation = 1.4399
scale = Vector2( 2, 2 )
texture = ExtResource( 6 )

[node name="Title" type="Label" parent="."]
margin_left = 560.0
margin_top = 260.0
margin_right = 1379.0
margin_bottom = 420.0
custom_fonts/font = SubResource( 2 )
custom_colors/font_color = Color( 0.647059, 0.647059, 0.647059, 1 )
text = "Meridian Coil"
align = 1
valign = 1
__meta__ = {
"_edit_use_anchors_": false
}

[node name="Sub" type="Label" parent="."]
margin_left = 460.0
margin_top = 240.0
margin_right = 1480.0
margin_bottom = 861.0
grow_horizontal = 2
grow_vertical = 2
custom_fonts/font = SubResource( 4 )
custom_colors/font_color = Color( 0.647059, 0.647059, 0.647059, 1 )
text = "


A Proof-of-Concept by Interroblank & caaasr

Interroblank: Interface and Level Design
caaasr: Core Mechanics and Sound Design
Tileset Provided by: S4M_UR4I
Music Provided by: TeknoAXE"
align = 1
autowrap = true
__meta__ = {
"_edit_use_anchors_": false
}

[node name="button_quit" type="Button" parent="."]
margin_left = 800.0
margin_top = 715.0
margin_right = 1140.0
margin_bottom = 818.0
custom_styles/hover = SubResource( 5 )
custom_styles/pressed = SubResource( 6 )
custom_styles/focus = SubResource( 7 )
custom_styles/normal = SubResource( 8 )
custom_fonts/font = SubResource( 9 )
text = "Exit"
script = ExtResource( 3 )
__meta__ = {
"_edit_use_anchors_": false
}
[connection signal="mouse_entered" from="button_quit" to="button_quit" method="_on_button_quit_mouse_entered"]
[connection signal="mouse_exited" from="button_quit" to="button_quit" method="_on_button_quit_mouse_exited"]
[connection signal="pressed" from="button_quit" to="button_quit" method="_on_button_quit_pressed"]
