[gd_scene load_steps=21 format=2]

[ext_resource path="res://src/interface/pause.gd" type="Script" id=1]
[ext_resource path="res://assets/chary___.ttf" type="DynamicFontData" id=2]
[ext_resource path="res://src/interface/pause_exit.gd" type="Script" id=3]
[ext_resource path="res://src/interface/pause_title.gd" type="Script" id=4]
[ext_resource path="res://src/interface/pause_restart.gd" type="Script" id=5]

[sub_resource type="StyleBoxFlat" id=1]
bg_color = Color( 0.117647, 0.117647, 0.117647, 1 )

[sub_resource type="StyleBoxFlat" id=2]
bg_color = Color( 0.0392157, 0.0392157, 0.0392157, 1 )

[sub_resource type="StyleBoxEmpty" id=3]

[sub_resource type="StyleBoxFlat" id=4]
bg_color = Color( 0.0784314, 0.0784314, 0.0784314, 1 )

[sub_resource type="DynamicFont" id=5]
size = 32
font_data = ExtResource( 2 )

[sub_resource type="StyleBoxFlat" id=6]
bg_color = Color( 0.117647, 0.117647, 0.117647, 1 )

[sub_resource type="StyleBoxFlat" id=7]
bg_color = Color( 0.0392157, 0.0392157, 0.0392157, 1 )

[sub_resource type="StyleBoxEmpty" id=8]

[sub_resource type="StyleBoxFlat" id=9]
bg_color = Color( 0.0784314, 0.0784314, 0.0784314, 1 )

[sub_resource type="DynamicFont" id=10]
size = 32
font_data = ExtResource( 2 )

[sub_resource type="StyleBoxFlat" id=11]
bg_color = Color( 0.117647, 0.117647, 0.117647, 1 )

[sub_resource type="StyleBoxFlat" id=12]
bg_color = Color( 0.0392157, 0.0392157, 0.0392157, 1 )

[sub_resource type="StyleBoxEmpty" id=13]

[sub_resource type="StyleBoxFlat" id=14]
bg_color = Color( 0.0784314, 0.0784314, 0.0784314, 1 )

[sub_resource type="DynamicFont" id=15]
size = 32
font_data = ExtResource( 2 )

[node name="Pause" type="Control"]
anchor_right = 1.0
anchor_bottom = 1.0
script = ExtResource( 1 )
__meta__ = {
"_edit_use_anchors_": false
}

[node name="ColorRect" type="ColorRect" parent="."]
margin_left = 810.0
margin_top = 430.0
margin_right = 1110.0
margin_bottom = 650.0
color = Color( 0.254902, 0.254902, 0.254902, 0.686275 )
__meta__ = {
"_edit_group_": true,
"_edit_use_anchors_": false
}

[node name="pause_restart" type="Button" parent="."]
margin_left = 820.0
margin_top = 440.0
margin_right = 1100.0
margin_bottom = 500.0
custom_styles/hover = SubResource( 1 )
custom_styles/pressed = SubResource( 2 )
custom_styles/focus = SubResource( 3 )
custom_styles/normal = SubResource( 4 )
custom_fonts/font = SubResource( 5 )
text = "Restart Level"
script = ExtResource( 5 )
__meta__ = {
"_edit_use_anchors_": false
}

[node name="pause_title" type="Button" parent="."]
margin_left = 820.0
margin_top = 510.0
margin_right = 1100.0
margin_bottom = 570.0
custom_styles/hover = SubResource( 6 )
custom_styles/pressed = SubResource( 7 )
custom_styles/focus = SubResource( 8 )
custom_styles/normal = SubResource( 9 )
custom_fonts/font = SubResource( 10 )
text = "Return to Title"
script = ExtResource( 4 )
__meta__ = {
"_edit_use_anchors_": false
}

[node name="pause_exit" type="Button" parent="."]
margin_left = 820.0
margin_top = 580.0
margin_right = 1100.0
margin_bottom = 640.0
custom_styles/hover = SubResource( 11 )
custom_styles/pressed = SubResource( 12 )
custom_styles/focus = SubResource( 13 )
custom_styles/normal = SubResource( 14 )
custom_fonts/font = SubResource( 15 )
text = "Exit Game"
script = ExtResource( 3 )
__meta__ = {
"_edit_use_anchors_": false
}
[connection signal="mouse_entered" from="pause_restart" to="pause_restart" method="_on_pause_restart_mouse_entered"]
[connection signal="pressed" from="pause_restart" to="pause_restart" method="_on_pause_restart_pressed"]
[connection signal="mouse_entered" from="pause_title" to="pause_title" method="_on_pause_title_mouse_entered"]
[connection signal="pressed" from="pause_title" to="pause_title" method="_on_pause_title_pressed"]
[connection signal="mouse_entered" from="pause_exit" to="pause_exit" method="_on_pause_exit_mouse_entered"]
[connection signal="pressed" from="pause_exit" to="pause_exit" method="_on_pause_exit_pressed"]
