[gd_scene load_steps=12 format=2]

[ext_resource path="res://scenes/entities/hazard.tscn" type="PackedScene" id=1]
[ext_resource path="res://scenes/hud.tscn" type="PackedScene" id=2]
[ext_resource path="res://scenes/Astronaut.tscn" type="PackedScene" id=3]
[ext_resource path="res://scenes/pause_menu.tscn" type="PackedScene" id=4]
[ext_resource path="res://assets/s4m_ur4i_8x8_minimal-future.png" type="Texture" id=5]
[ext_resource path="res://assets/sprites/wall3.png" type="Texture" id=6]
[ext_resource path="res://assets/sprites/wall2.png" type="Texture" id=7]
[ext_resource path="res://assets/sprites/wall1.png" type="Texture" id=8]
[ext_resource path="res://scenes/entities/exit.tscn" type="PackedScene" id=9]

[sub_resource type="ConvexPolygonShape2D" id=1]
points = PoolVector2Array( 64, 64, 0, 64, 0, 0, 64, 0 )

[sub_resource type="TileSet" id=2]
0/name = "s4m_ur4i_8x8_minimal-future.png 0"
0/texture = ExtResource( 5 )
0/tex_offset = Vector2( 0, 0 )
0/modulate = Color( 1, 1, 1, 1 )
0/region = Rect2( 320, 320, 64, 64 )
0/tile_mode = 0
0/occluder_offset = Vector2( 0, 0 )
0/navigation_offset = Vector2( 0, 0 )
0/shape_offset = Vector2( 0, 0 )
0/shape_transform = Transform2D( 1, 0, 0, 1, 0, 0 )
0/shape = SubResource( 1 )
0/shape_one_way = false
0/shape_one_way_margin = 1.0
0/shapes = [ {
"autotile_coord": Vector2( 0, 0 ),
"one_way": false,
"one_way_margin": 1.0,
"shape": SubResource( 1 ),
"shape_transform": Transform2D( 1, 0, 0, 1, 0, 0 )
} ]
0/z_index = 0

[node name="Node2D" type="Node2D"]

[node name="HUD" parent="." instance=ExtResource( 2 )]

[node name="Center" type="Sprite" parent="."]
position = Vector2( 960, 540 )
scale = Vector2( 0.625, 0.625 )
texture = ExtResource( 5 )
region_enabled = true
region_rect = Rect2( 320, 0, 64, 64 )

[node name="CollisionCircle" type="StaticBody2D" parent="."]
visible = false

[node name="CollisionPolygon2D" type="CollisionPolygon2D" parent="CollisionCircle"]
polygon = PoolVector2Array( 460, 540, 477, 411, 527, 290, 607, 186, 710, 107, 831, 57, 960, 40, 960, 0, 0, 0 )

[node name="CollisionPolygon2D3" type="CollisionPolygon2D" parent="CollisionCircle"]
position = Vector2( 1920, 1080 )
rotation = 3.14159
polygon = PoolVector2Array( 460, 540, 477, 411, 527, 290, 607, 186, 710, 107, 831, 57, 960, 40, 960, 0, 0, 0 )

[node name="CollisionPolygon2D2" type="CollisionPolygon2D" parent="CollisionCircle"]
polygon = PoolVector2Array( 960, 40, 1089, 57, 1210, 107, 1313, 186, 1393, 290, 1443, 411, 1460, 540, 1920, 539, 1920, 0 )

[node name="CollisionPolygon2D4" type="CollisionPolygon2D" parent="CollisionCircle"]
position = Vector2( 1920, 1080 )
rotation = 3.14159
polygon = PoolVector2Array( 960, 40, 1089, 57, 1210, 107, 1313, 186, 1393, 290, 1443, 411, 1460, 540, 1920, 539, 1920, 0 )

[node name="TileMaps" type="Node2D" parent="."]

[node name="TileMap1" type="TileMap" parent="TileMaps"]
scale = Vector2( 0.5, 0.5 )
tile_set = SubResource( 2 )
format = 1
tile_data = PoolIntArray( 1966109, 0, 0, 1966110, 0, 0, 2031645, 0, 0, 2031646, 0, 0, 2097181, 0, 0, 2097182, 0, 0 )

[node name="TileMap2" type="TileMap" parent="TileMaps"]
rotation = -0.1309
scale = Vector2( 0.5, 0.5 )
tile_set = SubResource( 2 )
format = 1

[node name="TileMap3" type="TileMap" parent="TileMaps"]
rotation = -0.392699
scale = Vector2( 0.5, 0.5 )
tile_set = SubResource( 2 )
format = 1

[node name="TileMap4" type="TileMap" parent="TileMaps"]
rotation = -0.654498
scale = Vector2( 0.5, 0.5 )
tile_set = SubResource( 2 )
format = 1

[node name="TileMap5" type="TileMap" parent="TileMaps"]
rotation = -0.916298
scale = Vector2( 0.5, 0.5 )
tile_set = SubResource( 2 )
format = 1

[node name="TileMap6" type="TileMap" parent="TileMaps"]
rotation = -1.1781
scale = Vector2( 0.5, 0.5 )
tile_set = SubResource( 2 )
format = 1

[node name="TileMap7" type="TileMap" parent="TileMaps"]
rotation = -1.4399
scale = Vector2( 0.5, 0.5 )
tile_set = SubResource( 2 )
format = 1

[node name="ExitArea" parent="." instance=ExtResource( 9 )]
position = Vector2( 930, 70 )
rotation = 3.01069

[node name="Astronaut" parent="." instance=ExtResource( 3 )]
position = Vector2( 490, 500 )

[node name="coil_1" type="Node2D" parent="."]

[node name="wall_quarter1" type="Node2D" parent="coil_1"]

[node name="Hazard7" parent="coil_1/wall_quarter1" instance=ExtResource( 1 )]
position = Vector2( 405, 467 )
rotation = 0.1309
scale = Vector2( 1.95, 2 )

[node name="Hazard8" parent="coil_1/wall_quarter1" instance=ExtResource( 1 )]
position = Vector2( 443, 326 )
rotation = 0.3927
scale = Vector2( 1.95, 2 )

[node name="Hazard9" parent="coil_1/wall_quarter1" instance=ExtResource( 1 )]
position = Vector2( 516, 199 )
rotation = 0.654499
scale = Vector2( 1.95, 2 )

[node name="Hazard10" parent="coil_1/wall_quarter1" instance=ExtResource( 1 )]
position = Vector2( 622, 101 )
rotation = 2.48709
scale = Vector2( 1.95, 2 )

[node name="Hazard11" parent="coil_1/wall_quarter1" instance=ExtResource( 1 )]
position = Vector2( 745, 23 )
rotation = 1.1781
scale = Vector2( 1.95, 2 )

[node name="Hazard12" parent="coil_1/wall_quarter1" instance=ExtResource( 1 )]
position = Vector2( 886, -15 )
rotation = 1.4399
scale = Vector2( 1.95, 2 )

[node name="wall1" type="Sprite" parent="coil_1/wall_quarter1"]
position = Vector2( 405, 467 )
rotation = 0.1309
scale = Vector2( 2, 2 )
texture = ExtResource( 8 )

[node name="wall2" type="Sprite" parent="coil_1/wall_quarter1"]
position = Vector2( 443, 326 )
rotation = 0.392699
scale = Vector2( 2, 2 )
texture = ExtResource( 7 )

[node name="wall3" type="Sprite" parent="coil_1/wall_quarter1"]
position = Vector2( 516, 199 )
rotation = 0.654498
scale = Vector2( 2, 2 )
texture = ExtResource( 6 )

[node name="wall4" type="Sprite" parent="coil_1/wall_quarter1"]
position = Vector2( 619, 96 )
rotation = 0.916298
scale = Vector2( 2, 2 )
texture = ExtResource( 8 )

[node name="wall5" type="Sprite" parent="coil_1/wall_quarter1"]
position = Vector2( 745, 23 )
rotation = 1.1781
scale = Vector2( 2, 2 )
texture = ExtResource( 7 )

[node name="wall6" type="Sprite" parent="coil_1/wall_quarter1"]
position = Vector2( 886, -15 )
rotation = 1.4399
scale = Vector2( 2, 2 )
texture = ExtResource( 6 )

[node name="wall_quarter2" type="Node2D" parent="coil_1"]
rotation = 1.5708

[node name="Hazard13" parent="coil_1/wall_quarter2" instance=ExtResource( 1 )]
position = Vector2( -14.194, -1032.81 )
rotation = -1.4399
scale = Vector2( 1.95, 2 )

[node name="Hazard14" parent="coil_1/wall_quarter2" instance=ExtResource( 1 )]
position = Vector2( 23.806, -1173.81 )
rotation = -1.1781
scale = Vector2( 1.95, 2 )

[node name="Hazard15" parent="coil_1/wall_quarter2" instance=ExtResource( 1 )]
position = Vector2( 102.806, -1296.81 )
rotation = 2.22529
scale = Vector2( 1.95, 2 )

[node name="Hazard16" parent="coil_1/wall_quarter2" instance=ExtResource( 1 )]
position = Vector2( 199.806, -1403.81 )
rotation = -0.654501
scale = Vector2( 1.95, 2 )

[node name="Hazard17" parent="coil_1/wall_quarter2" instance=ExtResource( 1 )]
position = Vector2( 325.806, -1476.81 )
rotation = -0.392702
scale = Vector2( 1.95, 2 )

[node name="Hazard18" parent="coil_1/wall_quarter2" instance=ExtResource( 1 )]
position = Vector2( 466.806, -1514.81 )
rotation = -0.130902
scale = Vector2( 1.95, 2 )

[node name="wall1" type="Sprite" parent="coil_1/wall_quarter2"]
position = Vector2( -14.1939, -1032.81 )
rotation = 0.1309
scale = Vector2( 2, 2 )
texture = ExtResource( 8 )

[node name="wall2" type="Sprite" parent="coil_1/wall_quarter2"]
position = Vector2( 23.806, -1173.81 )
rotation = 0.392699
scale = Vector2( 2, 2 )
texture = ExtResource( 7 )

[node name="wall3" type="Sprite" parent="coil_1/wall_quarter2"]
position = Vector2( 96.8061, -1300.81 )
rotation = 0.654498
scale = Vector2( 2, 2 )
texture = ExtResource( 6 )

[node name="wall4" type="Sprite" parent="coil_1/wall_quarter2"]
position = Vector2( 199.806, -1403.81 )
rotation = 0.916298
scale = Vector2( 2, 2 )
texture = ExtResource( 8 )

[node name="wall5" type="Sprite" parent="coil_1/wall_quarter2"]
position = Vector2( 325.806, -1476.81 )
rotation = 1.1781
scale = Vector2( 2, 2 )
texture = ExtResource( 7 )

[node name="wall6" type="Sprite" parent="coil_1/wall_quarter2"]
position = Vector2( 466.806, -1514.81 )
rotation = 1.4399
scale = Vector2( 2, 2 )
texture = ExtResource( 6 )

[node name="wall_quarter3" type="Node2D" parent="coil_1"]
position = Vector2( 1501, -420 )
rotation = 3.14159

[node name="Hazard19" parent="coil_1/wall_quarter3" instance=ExtResource( 1 )]
position = Vector2( -12.806, -1032.81 )
rotation = -3.01069
scale = Vector2( 1.95, 2 )

[node name="Hazard20" parent="coil_1/wall_quarter3" instance=ExtResource( 1 )]
position = Vector2( 25.003, -1174 )
rotation = -2.74889
scale = Vector2( 1.95, 2 )

[node name="Hazard21" parent="coil_1/wall_quarter3" instance=ExtResource( 1 )]
position = Vector2( 103.194, -1295.81 )
rotation = 2.22529
scale = Vector2( 1.95, 2 )

[node name="Hazard22" parent="coil_1/wall_quarter3" instance=ExtResource( 1 )]
position = Vector2( 201.194, -1403.81 )
rotation = -2.22529
scale = Vector2( 1.95, 2 )

[node name="Hazard23" parent="coil_1/wall_quarter3" instance=ExtResource( 1 )]
position = Vector2( 327.194, -1476.81 )
rotation = -1.96349
scale = Vector2( 1.95, 2 )

[node name="Hazard24" parent="coil_1/wall_quarter3" instance=ExtResource( 1 )]
position = Vector2( 468.194, -1514.81 )
rotation = -1.70169
scale = Vector2( 1.95, 2 )

[node name="wall1" type="Sprite" parent="coil_1/wall_quarter3"]
position = Vector2( -12.8061, -1032.81 )
rotation = 0.1309
scale = Vector2( 2, 2 )
texture = ExtResource( 8 )

[node name="wall2" type="Sprite" parent="coil_1/wall_quarter3"]
position = Vector2( 25.003, -1174 )
rotation = 0.392699
scale = Vector2( 2, 2 )
texture = ExtResource( 7 )

[node name="wall3" type="Sprite" parent="coil_1/wall_quarter3"]
position = Vector2( 98.1939, -1300.81 )
rotation = 0.654498
scale = Vector2( 2, 2 )
texture = ExtResource( 6 )

[node name="wall4" type="Sprite" parent="coil_1/wall_quarter3"]
position = Vector2( 201.194, -1403.81 )
rotation = 0.916298
scale = Vector2( 2, 2 )
texture = ExtResource( 8 )

[node name="wall5" type="Sprite" parent="coil_1/wall_quarter3"]
position = Vector2( 327.194, -1476.81 )
rotation = 1.1781
scale = Vector2( 2, 2 )
texture = ExtResource( 7 )

[node name="wall6" type="Sprite" parent="coil_1/wall_quarter3"]
position = Vector2( 468.194, -1514.81 )
rotation = 1.4399
scale = Vector2( 2, 2 )
texture = ExtResource( 6 )

[node name="wall_quarter4" type="Node2D" parent="coil_1"]
position = Vector2( 1921, 1079 )
rotation = -1.5708

[node name="Hazard1" parent="coil_1/wall_quarter4" instance=ExtResource( 1 )]
position = Vector2( -15.194, -1033.81 )
rotation = 1.7017
scale = Vector2( 1.95, 2 )

[node name="Hazard2" parent="coil_1/wall_quarter4" instance=ExtResource( 1 )]
position = Vector2( 22.806, -1174.81 )
rotation = 1.9635
scale = Vector2( 1.95, 2 )

[node name="Hazard3" parent="coil_1/wall_quarter4" instance=ExtResource( 1 )]
position = Vector2( 95.806, -1301.81 )
rotation = 2.22529
scale = Vector2( 1.95, 2 )

[node name="Hazard4" parent="coil_1/wall_quarter4" instance=ExtResource( 1 )]
position = Vector2( 203.806, -1399.81 )
rotation = 2.48709
scale = Vector2( 1.95, 2 )

[node name="Hazard5" parent="coil_1/wall_quarter4" instance=ExtResource( 1 )]
position = Vector2( 324.806, -1477.81 )
rotation = 2.74889
scale = Vector2( 1.95, 2 )

[node name="Hazard6" parent="coil_1/wall_quarter4" instance=ExtResource( 1 )]
position = Vector2( 465.806, -1515.81 )
rotation = 3.01069
scale = Vector2( 1.95, 2 )

[node name="wall1" type="Sprite" parent="coil_1/wall_quarter4"]
position = Vector2( -15.1939, -1033.81 )
rotation = 0.1309
scale = Vector2( 2, 2 )
texture = ExtResource( 8 )

[node name="wall2" type="Sprite" parent="coil_1/wall_quarter4"]
position = Vector2( 22.806, -1174.81 )
rotation = 0.392699
scale = Vector2( 2, 2 )
texture = ExtResource( 7 )

[node name="wall3" type="Sprite" parent="coil_1/wall_quarter4"]
position = Vector2( 95.8061, -1301.81 )
rotation = 0.654498
scale = Vector2( 2, 2 )
texture = ExtResource( 6 )

[node name="wall4" type="Sprite" parent="coil_1/wall_quarter4"]
position = Vector2( 198.806, -1404.81 )
rotation = 0.916298
scale = Vector2( 2, 2 )
texture = ExtResource( 8 )

[node name="wall5" type="Sprite" parent="coil_1/wall_quarter4"]
position = Vector2( 324.806, -1477.81 )
rotation = 1.1781
scale = Vector2( 2, 2 )
texture = ExtResource( 7 )

[node name="wall6" type="Sprite" parent="coil_1/wall_quarter4"]
position = Vector2( 465.806, -1515.81 )
rotation = 1.4399
scale = Vector2( 2, 2 )
texture = ExtResource( 6 )

[node name="Pause" parent="." instance=ExtResource( 4 )]
visible = false
